<?xml version="1.0" encoding="UTF-8"?><record xmlns="http://www.loc.gov/MARC21/slim" xmlns:cinclude="http://apache.org/cocoon/include/1.0" xmlns:zs="http://www.loc.gov/zing/srw/">
  <leader>00519cz  a2200133n  4500</leader>
  <controlfield tag="001">n  88159514 </controlfield>
  <controlfield tag="003">DLC</controlfield>
  <controlfield tag="005">20090206081813.0</controlfield>
  <controlfield tag="008">881121n| acannaabn          |n ana      </controlfield>
  <datafield tag="010" ind1=" " ind2=" ">
    <subfield code="a">n  88159514 </subfield>
  </datafield>
  <datafield tag="035" ind1=" " ind2=" ">
    <subfield code="a">(OCoLC)oca02407956</subfield>
  </datafield>
  <datafield tag="040" ind1=" " ind2=" ">
    <subfield code="a">DLC</subfield>
    <subfield code="b">eng</subfield>
    <subfield code="c">DLC</subfield>
    <subfield code="d">OCoLC</subfield>
  </datafield>
  <datafield tag="110" ind1="2" ind2=" ">
    <subfield code="a">Second Baptist Church and Congregation (Harbourton, N.J.)</subfield>
  </datafield>
  <datafield tag="670" ind1=" " ind2=" ">
    <subfield code="a">NUCMC data from Rutgers Univ. Libr. for New Jersey church records, 1733-1963</subfield>
    <subfield code="b">(Harbourton, N.J. Second Baptist Church and Congregation; minutes of the Bd. of Trustees, 1805-1832)</subfield>
  </datafield>
</record>